<record><leader>00000cas a22000007a 4500</leader><controlfield tag="001">9438251</controlfield><controlfield tag="008">830422d18451846maudr ne      0    0eng d</controlfield><datafield ind1=" " ind2=" " tag="010"><subfield code="a">sn 83020592 </subfield></datafield><datafield ind1=" " ind2=" " tag="040"><subfield code="a">NPX</subfield><subfield code="b">eng</subfield><subfield code="c">NPX</subfield><subfield code="d">MGN</subfield><subfield code="d">OCLCG</subfield><subfield code="d">OCLCQ</subfield></datafield><datafield ind1=" " ind2=" " tag="042"><subfield code="a">msc</subfield></datafield><datafield ind1=" " ind2=" " tag="043"><subfield code="a">n-us-ma</subfield></datafield><datafield ind1="0" ind2="4" tag="245"><subfield code="a">The Warder.</subfield></datafield><datafield ind1="1" ind2="3" tag="246"><subfield code="a">Daily warder</subfield><subfield code="f">&lt;Aug. 27-&gt;</subfield></datafield><datafield ind1=" " ind2=" " tag="260"><subfield code="a">Nantucket [Mass.] :</subfield><subfield code="b">W.C. Starbuck</subfield></datafield><datafield ind1=" " ind2=" " tag="300"><subfield code="a">v. ;</subfield><subfield code="c">58 cm.</subfield></datafield><datafield ind1=" " ind2=" " tag="310"><subfield code="a">Daily,</subfield><subfield code="b">Aug. 27, 1846-</subfield></datafield><datafield ind1=" " ind2=" " tag="321"><subfield code="a">Semiweekly,</subfield><subfield code="b">&lt;Jan. 3-May 2, 1846&gt;</subfield></datafield><datafield ind1=" " ind2=" " tag="321"><subfield code="a">Weekly,</subfield><subfield code="b">&lt;May 6-Aug. 19, 1846&gt;</subfield></datafield><datafield ind1="1" ind2=" " tag="362"><subfield code="a">Began Dec. 27, 1845; ceased in Aug. 1846.</subfield></datafield><datafield ind1=" " ind2=" " tag="500"><subfield code="a">Whig.</subfield></datafield><datafield ind1=" " ind2=" " tag="500"><subfield code="a">Publisher: J.M. Bunker, &lt;1846&gt;.</subfield></datafield><datafield ind1=" " ind2=" " tag="500"><subfield code="a">Published on Wednesday and Saturday, &lt;Jan.-May 6, 1846&gt;; on Wednesday, &lt;June 13-Aug. 19, 1846&gt;.</subfield></datafield><datafield ind1=" " ind2=" " tag="500"><subfield code="a">Editors: S.H. Jenks, &lt;Jan. 3-May 2, 1846&gt;; J.M. Bunker, &lt;May 6, 1846&gt;.</subfield></datafield><datafield ind1=" " ind2=" " tag="588"><subfield code="a">Description based on: Vol. 1, no. 2 (Jan. 3, 1846).</subfield></datafield><datafield ind1="1" ind2=" " tag="700"><subfield code="a">Jenks, Samuel Haynes,</subfield><subfield code="d">1789-1863.</subfield></datafield><datafield ind1="1" ind2=" " tag="700"><subfield code="a">Bunker, James M.</subfield></datafield><datafield ind1=" " ind2=" " tag="752"><subfield code="a">United States</subfield><subfield code="b">Massachusetts</subfield><subfield code="c">Nantucket</subfield><subfield code="d">Nantucket.</subfield></datafield><datafield ind1="0" ind2="0" tag="785"><subfield code="t">Daily warder</subfield><subfield code="w">(DLC)sn 93058727</subfield></datafield><datafield ind1="1" ind2=" " tag="029"><subfield code="a">AU@</subfield><subfield code="b">000025793661</subfield></datafield></record>